@Article{Michelutti_2009,
  doi = {10.1007/s10933-009-9325-8},
  url = {https://doi.org/10.1007/s10933-009-9325-8},
  year = {2009},
  month = {mar},
  publisher = {Springer Nature},
  volume = {43},
  number = {2},
  pages = {205--217},
  author = {Neal Michelutti and Jules M. Blais and Brian F. Cumming and Andrew M. Paterson and Kathleen R{\"u}hland and Alexander P. Wolfe and John P. Smol},
  title = {Do spectrally inferred determinations of chlorophyll a reflect trends in lake trophic status?},
  journal = {Journal of Paleolimnology},
}
